<?xml version="1.0" encoding="UTF-8"?><collection xmlns="http://www.loc.gov/MARC21/slim"><record><leader>00437nam--2200133-i-4500</leader><controlfield tag="001">000042508</controlfield><controlfield tag="002">20161230</controlfield><controlfield tag="005">20161230201043</controlfield><controlfield tag="008">060222s1000------------r-----000-0-eng-d</controlfield><datafield ind1=" " ind2=" " tag="080"><subfield code="a">530.1(061.3)</subfield></datafield><datafield ind1=" " ind2=" " tag="245"><subfield code="a">Spontaneous symmetry breakdown and related subjects. xxi winter school of theoretical ph. 18 february - 2 march 1985, karpacz, poland</subfield></datafield><datafield ind1=" " ind2=" " tag="260"><subfield code="a">Singapore, World Scientific, 1985. Xi + 493 P</subfield></datafield><datafield ind1=" " ind2=" " tag="700"><subfield code="a">L.Michel</subfield></datafield><datafield ind1=" " ind2=" " tag="852"><subfield code="a">73884</subfield></datafield></record></collection>